@book{akoma-ntoso,
  author    = {Fabio Vitali and Monica Palmirani and Luca Cervone and Daniela Bartolini},
  title     = {Akoma Ntoso for Legal Documents},
  year      = {2018},
  publisher = {Springer},
  address   = {Berlin, Germany},
  isbn      = {978-3-319-96997-3},
  url       = {https://link.springer.com/book/10.1007/978-3-319-96998-0},
  doi       = {10.1007/978-3-319-96998-0},
  note      = {An introduction to the Akoma Ntoso standard for legal documents}
}

